@article{rosado2018experimental,
	title={Experimental study of optical frequency comb generation in gain-switched semiconductor lasers},
	author={Rosado, Alejandro and Perez-Serrano, Antonio and Tijero, Jose Manuel G and Valle, Angel and Pesquera, Luis and Esquivias, Ignacio},
	journal={Optics \& Laser Technology},
	volume={108},
	pages={542--550},
	year={2018},
	publisher={Elsevier}
}
